@misc{baker2021,
    title={Estimating accurate covariance matrices on fitted model parameters}, 
    author={Rose Baker},
    year={2021},
    eprint={2105.04829},
    archivePrefix={arXiv},
    primaryClass={stat.CO},
    url={https://arxiv.org/abs/2105.04829}, 
}

@inproceedings{salakhutdinov2007,
	title = {Probabilistic Matrix Factorization},
	author = {Salakhutdinov, Ruslan and Mnih, Andriy},
	year = 2007,
	booktitle = {Proceedings of the 20th International Conference on Neural Information Processing Systems},
	location = {Vancouver, British Columbia, Canada},
	publisher = {Curran Associates Inc.},
	address = {Red Hook, NY, USA},
	series = {Nips'07},
	pages = {1257-1264},
	isbn = 9781605603520,
	numpages = 8
}